<?xml version="1.0" encoding="UTF-8"?><collection xmlns="http://www.loc.gov/MARC21/slim"><record><leader>00515nam--2200181-i-4500</leader><controlfield tag="001">000014096</controlfield><controlfield tag="002">20161230</controlfield><controlfield tag="005">20161230201030</controlfield><controlfield tag="008">060222s1000------------r-----000-0-ger-d</controlfield><datafield ind1=" " ind2=" " tag="040"><subfield code="a">IFIN-HH</subfield></datafield><datafield ind1=" " ind2=" " tag="041"><subfield code="a">ger</subfield></datafield><datafield ind1=" " ind2=" " tag="080"><subfield code="a">621.385.833:537.533.3(043)</subfield></datafield><datafield ind1="1" ind2=" " tag="100"><subfield code="a">Anger, Klaus</subfield></datafield><datafield ind1="1" ind2="0" tag="245"><subfield code="a">Entwurf und realisierung eines elektronen- optischen compound - systems</subfield><subfield code="b">Dissertation</subfield><subfield code="c">Klaus anger</subfield></datafield><datafield ind1=" " ind2=" " tag="260"><subfield code="a">Berlin</subfield><subfield code="b">Universitat</subfield><subfield code="c">1981</subfield></datafield><datafield ind1=" " ind2=" " tag="300"><subfield code="a">135 P</subfield></datafield><datafield ind1=" " ind2=" " tag="852"><subfield code="a">49935</subfield><subfield code="c">537.533.3</subfield></datafield><datafield ind1=" " ind2=" " tag="CAT"><subfield code="a">Sys</subfield><subfield code="c">20110901</subfield><subfield code="h">133226</subfield></datafield></record></collection>